@Article{Sto1938BA,
  author        = {Stone, M. H.},
  journal       = {Bulletin of the American Mathematical Society},
  title         = {{The Representation of Boolean Algebras}},
  year          = {1938},
  number        = {12},
  pages         = {807-816},
  volume        = {44},
  date-added    = {2018-12-11 10:56:02 +0000},
  date-modified = {2018-12-11 10:56:02 +0000},
}

@article{Sto1937BA,
	Author = {Stone, M. H.},
	Journal = {Trans. Amer. Math. Soc.},
	Pages = {375--481},
	Title = {Applications of the theory of {B}oolean rings to general topology},
	Url = {https://doi.org/10.1090/S0002-9947-1937-1501905-7},
	Volume = {41},
	Year = {1937},
	Bdsk-Url-1 = {https://doi.org/10.1090/S0002-9947-1937-1501905-7}}

@Article{Sto1937,
  author        = {Stone, M. H.},
  journal       = {\v{C}as. Mat. Fys.},
  Fjournal = {\v{C}asopis pro Pe\v{s}tov\'an\'i Matematiky a Fysiky},
  title         = {{Topological representations of distributive lattices and Brouwerian logics}},
  year          = {1937},
  pages         = {1--25},
  volume        = {67},
  fjournal      = {\v{C}asopis pro Pe\v{s}tov\'an\'i Matematiky a Fysiky},
}
@book{Joh1986,
	Address = {Cambridge},
	Author = {Johnstone, P. T.},
	Isbn = {0-521-33779-8},
	Note = {Reprint of the 1982 edition},
	Pages = {xxii+370},
	Publisher = {Cambridge University Press},
	Series = {Cambridge Studies in Advanced Mathematics},
	Title = {Stone spaces},
	Volume = {3},
	Year = {1986}}
